@Misc{odin,
   author = "Stanislav Karchebny and Greg Law and Igor Kucheryavenkov",
   title = "Odin {OS}",
   note = "http:{\slash}{\slash}odin-os.sourceforge.net",
}

@InProceedings{winnt,
   author =       "David Cutler",
   title =        "{NT}",
   editor =       "{USENIX Association}",
   booktitle =    "Proceedings of the {USENIX} Workshop on Micro-Kernels
                   and Other Kernel Architectures: 27--28 April, 1992,
                   Seattle, {WA}, {USA}",
   publisher =    "USENIX",
   address =      "Berkeley, CA, USA",
   year =         "1992",
   ISBN =         "1-880446-42-1",
   affiliation =  "Microsoft Corp.",
}

@Misc{posix,
   note = "find POSIX std papers and refer to them here...."
}
